%% This BibTeX bibliography file was created using BibDesk.
%% http://bibdesk.sourceforge.net/


%% Created for Cory Quammen at 2011-05-12 13:47:44 -0400 


%% Saved with string encoding Unicode (UTF-8) 


@comment{This file has been generated by Pybliographer}


@string{ams = {American Mathematical Society}}

@string{ap = {Academic Press}}

@string{cgip = {Computer Graphics and Image Processing}}

@string{cs-unc = {Department of Computer Science, University of North Carolina at Chapel Hill}}

@string{cvgip = {Computer Vision, Graphics, and Image Processing}}

@string{cvgip-iu = {Computer Vision, Graphics, and Image Processing: Image Understanding}}

@string{ieeetranscom = {{IEEE} Transactions on Communications}}

@string{josa = {Journal of the Optical Society of {A}merica}}

@string{josa-a = {Journal of the Optical Society of {A}merica {A}}}

@string{lea = {Lawrence Erlbaum Associates}}

@string{lea-addr = {Hillsdale, New Jersey}}

@string{mit = {The MIT Press}}

@string{mit-addr = {Cambridge, MA}}

@string{pami = {{IEEE} Transactions on Pattern Analysis and Machine Intelligence}}

@string{ph = {Prentice Hall}}

@string{prletters = {Pattern Recognition Letters}}

@string{procnas = {Proc. Natl. Acad. Sci. USA}}

@string{psychrev = {Psychological Review}}

@string{sciam = {Scientific American}}

@string{spatialvis = {Spatial Vision}}

@string{springer = {Springer-Verlag}}

@string{tins = {Trends in Neuroscience ({TINS})}}

@string{unc-ch = {University of North Carolina at Chapel Hill}}

@string{vr = {Vision Research}}


@misc{Lloyd2010,
	Author = {Bryn Lloyd},
	Date-Added = {2011-05-12 13:46:00 -0400},
	Date-Modified = {2011-05-12 13:47:44 -0400},
	Howpublished = {\newline\url{http://hdl.handle.net/10380/3169}},
	Month = {April},
	Title = {Boolean Operations on Surfaces for {VTK}},
	Year = {2010}}

@article{Baerentzen2005,
	Acmid = {1053681},
	Address = {Piscataway, NJ, USA},
	Author = {Baerentzen, J. Andreas and Aanaes, Henrik},
	Date-Added = {2011-05-09 22:49:58 -0400},
	Date-Modified = {2011-05-09 22:50:08 -0400},
	Doi = {http://dx.doi.org/10.1109/TVCG.2005.49},
	Issn = {1077-2626},
	Issue = {3},
	Journal = {IEEE Transactions on Visualization and Computer Graphics},
	Keywords = {Index Terms- Mesh, signed distance field, normal, pseudonormal, polyhedron.},
	Month = {May},
	Numpages = {11},
	Pages = {243--253},
	Publisher = {IEEE Educational Activities Department},
	Title = {Signed Distance Computation Using the Angle Weighted Pseudonormal},
	Url = {http://dx.doi.org/10.1109/TVCG.2005.49},
	Volume = {11},
	Year = {2005},
	Bdsk-Url-1 = {http://dx.doi.org/10.1109/TVCG.2005.49}}
